<?xml version = "1.0" encoding = "UTF-8"?><record>
  <leader>01410nma#a2200373#c#4500</leader>
  <controlfield tag="005">20210409121056.0</controlfield>
  <controlfield tag="007">cr#|||||||||||</controlfield>
  <controlfield tag="008">150720|2015####gw######o##|########eng#c</controlfield>
  <controlfield tag="003">DE-605</controlfield>
  <controlfield tag="001">990208626180206441</controlfield>
  <datafield tag="016" ind1="7" ind2=" ">
    <subfield code="a">1073676775</subfield>
    <subfield code="2">OCoLC</subfield>
  </datafield>
  <datafield tag="035" ind1=" " ind2=" ">
    <subfield code="a">(DE-605)HT018703339</subfield>
  </datafield>
  <datafield tag="040" ind1=" " ind2=" ">
    <subfield code="a">38 M</subfield>
    <subfield code="b">ger</subfield>
    <subfield code="d">38 M</subfield>
    <subfield code="e">rakwb</subfield>
  </datafield>
  <datafield tag="041" ind1=" " ind2=" ">
    <subfield code="a">eng</subfield>
  </datafield>
  <datafield tag="044" ind1=" " ind2=" ">
    <subfield code="c">XA-DE</subfield>
  </datafield>
  <datafield tag="082" ind1="0" ind2=" ">
    <subfield code="a">610</subfield>
  </datafield>
  <datafield tag="100" ind1="1" ind2=" ">
    <subfield code="a">Kayser, Klaus</subfield>
    <subfield code="d">1940-</subfield>
    <subfield code="0">(DE-588)115833986</subfield>
    <subfield code="4">aut</subfield>
    <subfield code="0">(uri) https://portal.dnb.de/opac.htm?method=simpleSearch&amp;cqlMode=true&amp;query=idn=115833986</subfield>
    <subfield code="0">(uri) http://viaf.org/viaf/sourceID/DNB|115833986</subfield>
    <subfield code="B">GND-115833986</subfield>
  </datafield>
  <datafield tag="245" ind1="1" ind2="0">
    <subfield code="a">Analysis of texture and objects in microscopic images</subfield>
    <subfield code="h">Elektronische Ressource</subfield>
    <subfield code="c">Klaus Kayser ; Stephan Borkenfeld ; Amina Djenouni ; Gian Kayser</subfield>
  </datafield>
  <datafield tag="264" ind1=" " ind2="1">
    <subfield code="c">2015</subfield>
  </datafield>
  <datafield tag="340" ind1=" " ind2=" ">
    <subfield code="a">Archivierte Online-Ressource</subfield>
    <subfield code="9">F:652a</subfield>
  </datafield>
  <datafield tag="700" ind1="1" ind2=" ">
    <subfield code="a">Borkenfeld, Stephan</subfield>
    <subfield code="4">aut</subfield>
  </datafield>
  <datafield tag="700" ind1="1" ind2=" ">
    <subfield code="a">Djenouni, Amina</subfield>
    <subfield code="4">aut</subfield>
  </datafield>
  <datafield tag="700" ind1="1" ind2=" ">
    <subfield code="a">Kayser, Gian</subfield>
    <subfield code="d">1974-</subfield>
    <subfield code="0">(DE-588)123385423</subfield>
    <subfield code="4">aut</subfield>
    <subfield code="0">(uri) https://portal.dnb.de/opac.htm?method=simpleSearch&amp;cqlMode=true&amp;query=idn=123385423</subfield>
    <subfield code="0">(uri) http://viaf.org/viaf/sourceID/DNB|123385423</subfield>
    <subfield code="B">GND-123385423</subfield>
  </datafield>
  <datafield tag="773" ind1="0" ind2="8">
    <subfield code="i">Enthalten in</subfield>
    <subfield code="t">Diagnostic pathology</subfield>
    <subfield code="d">Waltrop</subfield>
    <subfield code="g">1 (2015), 14, S. 1 - 18 : Ill., graph. Darst.</subfield>
    <subfield code="w">(DE-605)HT018615288</subfield>
  </datafield>
  <datafield tag="856" ind1="4" ind2=" ">
    <subfield code="u">http://dx.doi.org/10.17629/www.diagnosticpathology.eu-2015-1:14</subfield>
    <subfield code="x">Resolving-System</subfield>
    <subfield code="z">kostenfrei</subfield>
  </datafield>
  <datafield tag="856" ind1="4" ind2="0">
    <subfield code="u">https://repository.publisso.de/resource/frl:6337271</subfield>
    <subfield code="x">Langzeitarchivierung</subfield>
  </datafield>
  <datafield tag="960" ind1="1" ind2=" ">
    <subfield code="i">iall</subfield>
  </datafield>
  <datafield tag="960" ind1="1" ind2=" ">
    <subfield code="r">38 M: ellinet</subfield>
  </datafield>
  <datafield tag="964" ind1="0" ind2="s">
    <subfield code="F">030</subfield>
    <subfield code="A">a|1uc||||||17</subfield>
  </datafield>
  <datafield tag="964" ind1="0" ind2="s">
    <subfield code="F">050</subfield>
    <subfield code="A">||||||||g|||||</subfield>
  </datafield>
  <datafield tag="964" ind1="0" ind2="s">
    <subfield code="F">051</subfield>
    <subfield code="A">at||||||</subfield>
  </datafield>
  <datafield tag="035" ind1=" " ind2=" ">
    <subfield code="a">(OCoLC)1073676775</subfield>
    <subfield code="0">(uri) http://www.worldcat.org/oclc/1073676775</subfield>
  </datafield>
  <datafield tag="035" ind1=" " ind2=" ">
    <subfield code="a">(DE-599)HBZHT018703339</subfield>
  </datafield>
  <datafield tag="024" ind1="7" ind2=" ">
    <subfield code="a">10.17629/www.diagnosticpathology.eu-2015-1:14</subfield>
    <subfield code="2">doi</subfield>
  </datafield>
  <datafield tag="MBD" ind1=" " ind2=" ">
    <subfield code="M">49HBZ_NETWORK</subfield>
    <subfield code="i">990208626180206441</subfield>
    <subfield code="n">HBZ Network</subfield>
  </datafield>
  <datafield tag="MNG" ind1=" " ind2=" ">
    <subfield code="c">System</subfield>
    <subfield code="f">ILS</subfield>
    <subfield code="i">marc21</subfield>
    <subfield code="k">01</subfield>
    <subfield code="e">false</subfield>
    <subfield code="d">2021-04-09 12:10:56 Europe/Berlin</subfield>
    <subfield code="g">020862618-HBZ01</subfield>
    <subfield code="j">60</subfield>
    <subfield code="a">import</subfield>
    <subfield code="b">2021-04-05 13:20:56 Europe/Berlin</subfield>
  </datafield>
  <datafield tag="GPN" ind1="1" ind2=" ">
    <subfield code="a">Kayser, Gian Klaus Ju&#776;rgen</subfield>
    <subfield code="d">1974-</subfield>
    <subfield code="A">GND</subfield>
    <subfield code="B">GND-123385423</subfield>
    <subfield code="C">400</subfield>
  </datafield>
  <datafield tag="GSI" ind1="7" ind2=" ">
    <subfield code="a">http://d-nb.info/gnd/123385423</subfield>
    <subfield code="2">uri</subfield>
    <subfield code="A">GND</subfield>
    <subfield code="B">GND-123385423</subfield>
    <subfield code="C">024</subfield>
  </datafield>
  <datafield tag="GSI" ind1="7" ind2=" ">
    <subfield code="a">7006160901</subfield>
    <subfield code="2">scopus</subfield>
    <subfield code="A">GND</subfield>
    <subfield code="B">GND-123385423</subfield>
    <subfield code="C">024</subfield>
  </datafield>
  <datafield tag="GSI" ind1="7" ind2=" ">
    <subfield code="a">0000-0002-0587-9742</subfield>
    <subfield code="2">orcid</subfield>
    <subfield code="A">GND</subfield>
    <subfield code="B">GND-123385423</subfield>
    <subfield code="C">024</subfield>
  </datafield>
  <datafield tag="GPN" ind1="1" ind2=" ">
    <subfield code="a">Kayser, Klaus W.</subfield>
    <subfield code="d">1940-</subfield>
    <subfield code="A">GND</subfield>
    <subfield code="B">GND-115833986</subfield>
    <subfield code="C">400</subfield>
  </datafield>
  <datafield tag="GPN" ind1="1" ind2=" ">
    <subfield code="a">Kayser, K. W.</subfield>
    <subfield code="d">1940-</subfield>
    <subfield code="A">GND</subfield>
    <subfield code="B">GND-115833986</subfield>
    <subfield code="C">400</subfield>
  </datafield>
  <datafield tag="GSI" ind1="7" ind2=" ">
    <subfield code="a">115833986</subfield>
    <subfield code="0">http://d-nb.info/gnd/115833986</subfield>
    <subfield code="2">gnd</subfield>
    <subfield code="A">GND</subfield>
    <subfield code="B">GND-115833986</subfield>
    <subfield code="C">024</subfield>
  </datafield>
</record>